@article{yokoyama1987variational,
  title={Variational Monte-Carlo Studies of Hubbard Model. I},
  author={Yokoyama, Hisatoshi and Shiba, Hiroyuki},
  journal={Journal of the Physical Society of Japan},
  volume={56},
  number={4},
  pages={1490--1506},
  year={1987},
  publisher={The Physical Society of Japan}
}
@article{umrigar2015observations,
  title={Observations on variational and projector Monte Carlo methods},
  author={Umrigar, CJ},
  journal={The Journal of chemical physics},
  volume={143},
  number={16},
  pages={164105},
  year={2015},
  publisher={AIP Publishing}
}
@article{kohn1996density,
  title={Density functional theory of electronic structure},
  author={Kohn, Walter and Becke, Axel D and Parr, Robert G},
  journal={The Journal of Physical Chemistry},
  volume={100},
  number={31},
  pages={12974--12980},
  year={1996},
  publisher={ACS Publications}
}

@article{ceperley1983simulation,
  title={The simulation of quantum systems with random walks: A new algorithm for charged systems},
  author={Ceperley, D},
  journal={Journal of Computational Physics},
  volume={51},
  number={3},
  pages={404--422},
  year={1983},
  publisher={Elsevier}
}
@article{pollock1987path,
  title={Path-integral computation of superfluid densities},
  author={Pollock, EL and Ceperley, David M},
  journal={Physical Review B},
  volume={36},
  number={16},
  pages={8343},
  year={1987},
  publisher={APS}
}
@article{abraham1987phases,
  title={Phases of helium adsorbed on graphite: A Feynman path-integral Monte Carlo study},
  author={Abraham, Farid F and Broughton, Jeremy Q},
  journal={Physical review letters},
  volume={59},
  number={1},
  pages={64},
  year={1987},
  publisher={APS}
}
@misc{towler2011quantum,
  title={Quantum Monte Carlo, or, how to solve the many-particle Schr{\"o}dinger equation accurately whilst retaining favourable scaling with system size},
  author={Towler, MD},
  year={2011},
  publisher={Computational Methods for Large Systems. Wiley}
}
@article{sorella1998green,
  title={Green function Monte Carlo with stochastic reconfiguration},
  author={Sorella, Sandro},
  journal={Physical review letters},
  volume={80},
  number={20},
  pages={4558},
  year={1998},
  publisher={APS}
}
@article{fahy1988variational,
  title={Variational quantum Monte Carlo nonlocal pseudopotential approach to solids: cohesive and structural properties of diamond},
  author={Fahy, S and Wang, XW and Louie, Steven G},
  journal={Physical review letters},
  volume={61},
  number={14},
  pages={1631},
  year={1988},
  publisher={APS}
}
@article{ceperley1986quantum,
  title={Quantum monte carlo},
  author={Ceperley, David and Alder, Berni},
  journal={Science},
  volume={231},
  number={4738},
  pages={555--560},
  year={1986},
  publisher={American Association for the Advancement of Science}
}
@article{anderson2007quantum,
  title={Quantum Monte Carlo},
  author={Anderson, James B},
  journal={Oxford University Press, Oxford, UK},
  volume={7},
  pages={15101523},
  year={2007}
}

@article{ceperley1984quantum,
  title={Quantum Monte Carlo for molecules: Greenâ€™s function and nodal release},
  author={Ceperley, DM and Alder, BJ},
  journal={The Journal of chemical physics},
  volume={81},
  number={12},
  pages={5833--5844},
  year={1984},
  publisher={AIP Publishing}
}

@article{reynolds1982fixed,
  title={Fixed-node quantum Monte Carlo for moleculesa) b)},
  author={Reynolds, Peter J and Ceperley, David M and Alder, Berni J and Lester Jr, William A},
  journal={The Journal of Chemical Physics},
  volume={77},
  number={11},
  pages={5593--5603},
  year={1982},
  publisher={AIP Publishing}
}
@article{foulkes2001quantum,
  title={Quantum Monte Carlo simulations of solids},
  author={Foulkes, WMC and Mitas, Lubos and Needs, RJ and Rajagopal, G},
  journal={Reviews of Modern Physics},
  volume={73},
  number={1},
  pages={33},
  year={2001},
  publisher={APS}
}
@article{jarrell1992hubbard,
  title={Hubbard model in infinite dimensions: A quantum Monte Carlo study},
  author={Jarrell, M},
  journal={Physical review letters},
  volume={69},
  number={1},
  pages={168},
  year={1992},
  publisher={APS}
}
@article{needs2009continuum,
  title={Continuum variational and diffusion quantum Monte Carlo calculations},
  author={Needs, RJ and Towler, MD and Drummond, ND and R{\'\i}os, P L{\'o}pez},
  journal={Journal of Physics: Condensed Matter},
  volume={22},
  number={2},
  pages={023201},
  year={2009},
  publisher={IOP Publishing}
}
@book{hochbaum1996approximation,
  title={Approximation algorithms for NP-hard problems},
  author={Hochbaum, Dorit S},
  year={1996},
  publisher={PWS Publishing Co.}
}
