@PREAMBLE{
 "\providecommand{\noopsort}[1]{}"
 # "\providecommand{\singleletter}[1]{#1}%"
}

@article{seifmultipolar,
  title={MULTIPOLAR ELASTIC REPRESENTATION OF DEFECT FIELDS IN METALS},
  author={Seif, D and Ghoniem, NM}
}

@article{ting1997three,
  title={The three-dimensional elastostatic Green's function for general anisotropic linear elastic solids},
  author={Ting, TCT and Lee, Ven-Gen},
  journal={The Quarterly Journal of Mechanics and Applied Mathematics},
  volume={50},
  number={3},
  pages={407--426},
  year={1997},
  publisher={Oxford Univ Press}
}

@article{freedman2009elastic,
  title={Elastic effects of vacancies in strontium titanate: Short-and long-range strain fields, elastic dipole tensors, and chemical strain},
  author={Freedman, Daniel A and Roundy, D and Arias, TA},
  journal={Physical Review B},
  volume={80},
  number={6},
  pages={064108},
  year={2009},
  publisher={APS}
}

@article{bozhevolnyi2001multiple,
  title={Multiple-scattering dipole approach to modeling of surface plasmon polariton band gap structures},
  author={Bozhevolnyi, Sergey I and Volkov, Valentyn S},
  journal={Optics communications},
  volume={198},
  number={4},
  pages={241--245},
  year={2001},
  publisher={Elsevier}
}

@misc{sethna2014flow,
  author = {James Sethna},
  title = {{Crystals, Rigidity, and Statistical Mechanics}},
  howpublished = "\url{http://pages.physics.cornell.edu/~sethna/teaching/BasicTraining/BasicTraining.html}",
  year = {2014},
  note = "[Online; accessed 09-February-2016]"
}

@misc{openkim2016,
  title = {{OpenKIM: Knowledgebase of Interatomic Models}},
  howpublished = "\url{https://openkim.org/}",
  note = "[Online; accessed 11-February-2016]"
}

@article{fahey1989point,
  title={Point defects and dopant diffusion in silicon},
  author={Fahey, Paul Martin and Griffin, PB and Plummer, JD},
  journal={Reviews of modern physics},
  volume={61},
  number={2},
  pages={289},
  year={1989},
  publisher={APS}
}

@article{weertman1955theory,
  title={Theory of Steady-State Creep Based on Dislocation Climb},
  author={Weertman, J},
  journal={Journal of Applied Physics},
  volume={26},
  number={10},
  pages={1213--1217},
  year={1955},
  publisher={AIP Publishing}
}


@book{landau2013course,
  title={Course of theoretical physics},
  author={Landau, Lev D and Lifshitz, Evgenii Mikhailovich},
  year={2013},
  publisher={Elsevier}
}


@article{andreas2011counting,
  title={Counting the atoms in a 28Si crystal for a new kilogram definition},
  author={Andreas, B and Azuma, Y and Bartl, G and Becker, P and Bettin, H and Borys, M and Busch, I and Fuchs, P and Fujii, K and Fujimoto, H and others},
  journal={Metrologia},
  volume={48},
  number={2},
  pages={S1},
  year={2011},
  publisher={IOP Publishing}
}


@inproceedings{baskes1988embedded,
  title={The embedded atom method: theory and application},
  author={Baskes, MI and Daw, MS and Foiles, SM},
  booktitle={MRS Proceedings},
  volume={141},
  pages={31},
  year={1988},
  organization={Cambridge Univ Press}
}

@article{frederiksen2004bayesian,
  title={Bayesian ensemble approach to error estimation of interatomic potentials},
  author={Frederiksen, S{\o}ren L and Jacobsen, Karsten W and Brown, Kevin S and Sethna, James P},
  journal={Physical review letters},
  volume={93},
  number={16},
  pages={165501},
  year={2004},
  publisher={APS}
}

@article{mayer1993statistical,
  title={Statistical validation},
  author={Mayer, DG and Butler, DG},
  journal={Ecological modelling},
  volume={68},
  number={1},
  pages={21--32},
  year={1993},
  publisher={Elsevier}
}

@article{de2015charting,
  title={Charting the complete elastic properties of inorganic crystalline compounds},
  author={De Jong, Maarten and Chen, Wei and Angsten, Thomas and Jain, Anubhav and Notestine, Randy and Gamst, Anthony and Sluiter, Marcel and Ande, Chaitanya Krishna and van der Zwaag, Sybrand and Plata, Jose J and others},
  journal={Scientific data},
  volume={2},
  year={2015},
  publisher={Nature Publishing Group}
}

@article{jain2013commentary,
  title={Commentary: The Materials Project: A materials genome approach to accelerating materials innovation},
  author={Jain, Anubhav and Ong, Shyue Ping and Hautier, Geoffroy and Chen, Wei and Richards, William Davidson and Dacek, Stephen and Cholia, Shreyas and Gunter, Dan and Skinner, David and Ceder, Gerbrand and others},
  journal={Apl Materials},
  volume={1},
  number={1},
  pages={011002},
  year={2013},
  publisher={AIP Publishing}
}

@article{angsten2014elemental,
  title={Elemental vacancy diffusion database from high-throughput first-principles calculations for fcc and hcp structures},
  author={Angsten, Thomas and Mayeshiba, Tam and Wu, Henry and Morgan, Dane},
  journal={New Journal of Physics},
  volume={16},
  number={1},
  pages={015018},
  year={2014},
  publisher={IOP Publishing}
}

@article{mishin1999interatomic,
  title={Interatomic potentials for monoatomic metals from experimental data and ab initio calculations},
  author={Mishin, Y and Farkas, D and Mehl, MJ and Papaconstantopoulos, DA},
  journal={Physical Review B},
  volume={59},
  number={5},
  pages={3393},
  year={1999},
  publisher={APS}
}

@article{carlsson1990beyond,
  title={Beyond pair potentials in elemental transition metals and semiconductors},
  author={Carlsson, AE},
  journal={Solid State Physics},
  volume={43},
  pages={1--91},
  year={1990},
  publisher={Elsevier}
}

@article{medasani2015vacancy,
  title={Vacancy formation energies in metals: A comparison of MetaGGA with LDA and GGA exchange--correlation functionals},
  author={Medasani, Bharat and Haranczyk, Maciej and Canning, Andrew and Asta, Mark},
  journal={Computational Materials Science},
  volume={101},
  pages={96--107},
  year={2015},
  publisher={Elsevier}
}

@article{bitzek2006structural,
  title={Structural relaxation made simple},
  author={Bitzek, Erik and Koskinen, Pekka and G{\"a}hler, Franz and Moseler, Michael and Gumbsch, Peter},
  journal={Physical review letters},
  volume={97},
  number={17},
  pages={170201},
  year={2006},
  publisher={APS}
}

@article{oliphant2007python,
  title={Python for scientific computing},
  author={Oliphant, Travis E},
  journal={Computing in Science \& Engineering},
  volume={9},
  number={3},
  pages={10--20},
  year={2007},
  publisher={AIP Publishing}
}

@article{nelder1965simplex,
  title={A simplex method for function minimization},
  author={Nelder, John A and Mead, Roger},
  journal={The computer journal},
  volume={7},
  number={4},
  pages={308--313},
  year={1965},
  publisher={Br Computer Soc}
}

@article{louie1976self,
  title={Self-consistent electronic states for reconstructed Si vacancy models},
  author={Louie, Steven G and Schl{\"u}ter, M and Chelikowsky, James R and Cohen, Marvin L},
  journal={Physical Review B},
  volume={13},
  number={4},
  pages={1654},
  year={1976},
  publisher={APS}
}

@article{bahn2002object,
  title={An object-oriented scripting interface to a legacy electronic structure code},
  author={Bahn, Sune R and Jacobsen, Karsten W},
  journal={Computing in Science \& Engineering},
  volume={4},
  number={3},
  pages={56--66},
  year={2002},
  publisher={AIP Publishing}
}

@inproceedings{bierbaum2014openkim,
  title={OpenKIM-Building a Knowledgebase of Interatomic Models},
  author={Bierbaum, Matthew and Tadmor, Ellad and Elliott, Ryan and Wennblom, Trevor and Alemi, Alexander and Chen, Yan-Jiun and Karls, Daniel and Ludvik, Adam and Sethna, James},
  booktitle={APS Meeting Abstracts},
  volume={1},
  pages={26004},
  year={2014}
}

@article{voter2002extending,
  title={Extending the time scale in atomistic simulation of materials},
  author={Voter, Arthur F and Montalenti, Francesco and Germann, Timothy C},
  journal={Annual Review of Materials Research},
  volume={32},
  number={1},
  pages={321--346},
  year={2002},
  publisher={Annual Reviews 4139 El Camino Way, PO Box 10139, Palo Alto, CA 94303-0139, USA}
}

@article{suzuki2002microstructure,
  title={Microstructure--electrical conductivity relationships in nanocrystalline ceria thin films},
  author={Suzuki, Toshio and Kosacki, Igor and Anderson, Harlan U},
  journal={Solid State Ionics},
  volume={151},
  number={1},
  pages={111--121},
  year={2002},
  publisher={Elsevier}
}

@article{kalabukhov2007effect,
  title={Effect of oxygen vacancies in the SrTiO 3 substrate on the electrical properties of the LaAlO 3/ SrTiO 3 interface},
  author={Kalabukhov, Alexey and Gunnarsson, Robert and B{\"o}rjesson, Johan and Olsson, Eva and Claeson, Tord and Winkler, Dag},
  journal={Physical Review B},
  volume={75},
  number={12},
  pages={121404},
  year={2007},
  publisher={APS}
}

@article{kluin1991comparison,
  title={Comparison of positron-lifetime spectroscopy and differential dilatometric measurements of equilibrium vacancies in copper and $\alpha$-Cu-Ge alloys},
  author={Kluin, J-E and Hehenkamp, Th},
  journal={Physical Review B},
  volume={44},
  number={21},
  pages={11597},
  year={1991},
  publisher={APS}
}

@article{kass2002formation,
  title={The formation of defects in Fe--Al alloys: electrical resistivity and specific heat measurements},
  author={Kass, Michael and Brooks, Charlie R and Falcon, Douglas and Basak, Debasis},
  journal={Intermetallics},
  volume={10},
  number={10},
  pages={951--966},
  year={2002},
  publisher={Elsevier}
}

@article{kraftmakher1998equilibrium,
  title={Equilibrium vacancies and thermophysical properties of metals},
  author={Kraftmakher, Yaakov},
  journal={Physics Reports},
  volume={299},
  number={2},
  pages={79--188},
  year={1998},
  publisher={Elsevier}
}

@article{shewmon1989diffusion,
  title={Diffusion in solids},
  author={Shewmon, Paul},
  journal={The Minerals, Metals \& Materials Society, Diffusion in Solids. Second Edition.(Retroactive Coverage)(United States), 1989,},
  pages={246},
  year={1989}
}

@article{norskov2009towards,
  title={Towards the computational design of solid catalysts},
  author={N{\o}rskov, Jens Kehlet and Bligaard, Thomas and Rossmeisl, Jan and Christensen, Claus Hviid},
  journal={Nature chemistry},
  volume={1},
  number={1},
  pages={37--46},
  year={2009},
  publisher={Nature Publishing Group}
}

@article{bourassa1976formation,
  title={The formation and migration energies of vacancies in quenched copper},
  author={Bourassa, RR and Lengeler, B},
  journal={Journal of Physics F: Metal Physics},
  volume={6},
  number={8},
  pages={1405},
  year={1976},
  publisher={IOP Publishing}
}

@article{mckee1972vacancy,
  title={Vacancy-formation energies in metals from positron annihilation},
  author={McKee, BTA and Triftsh{\"a}user, W and Stewart, AT},
  journal={Physical Review Letters},
  volume={28},
  number={6},
  pages={358},
  year={1972},
  publisher={APS}
}

@article{korhonen1995vacancy,
  title={Vacancy-formation energies for fcc and bcc transition metals},
  author={Korhonen, T and Puska, MJ and Nieminen, RM},
  journal={Physical Review B},
  volume={51},
  number={15},
  pages={9526},
  year={1995},
  publisher={APS}
}

@article{kohn1999nobel,
  title={Nobel Lecture: Electronic structure of matter�wave functions and density functionals},
  author={Kohn, Walter},
  journal={Reviews of Modern Physics},
  volume={71},
  number={5},
  pages={1253},
  year={1999},
  publisher={APS}
}

@article{foulkes2001quantum,
  title={Quantum Monte Carlo simulations of solids},
  author={Foulkes, WMC and Mitas, L and Needs, RJ and Rajagopal, G},
  journal={Reviews of Modern Physics},
  volume={73},
  number={1},
  pages={33},
  year={2001},
  publisher={APS}
}

@article{kotakoski2006energetics,
  title={Energetics, structure, and long-range interaction of vacancy-type defects in carbon nanotubes: Atomistic simulations},
  author={Kotakoski, J and Krasheninnikov, AV and Nordlund, K},
  journal={Physical Review B},
  volume={74},
  number={24},
  pages={245420},
  year={2006},
  publisher={APS}
}

@article{tadmor2011potential,
  title={The potential of atomistic simulations and the knowledgebase of interatomic models},
  author={Tadmor, EB and Elliott, RS and Sethna, JP and Miller, RE and Becker, CA},
  journal={JOM Journal of the Minerals, Metals and Materials Society},
  volume={63},
  number={7},
  pages={17--17},
  year={2011},
  publisher={Springer}
}

@article{freysoldt2014first,
  title={First-principles calculations for point defects in solids},
  author={Freysoldt, Christoph and Grabowski, Blazej and Hickel, Tilmann and Neugebauer, J{\"o}rg and Kresse, Georg and Janotti, Anderson and Van de Walle, Chris G},
  journal={Reviews of Modern Physics},
  volume={86},
  number={1},
  pages={253},
  year={2014},
  publisher={APS}
}

@article{daw1984embedded,
  title={Embedded-atom method: Derivation and application to impurities, surfaces, and other defects in metals},
  author={Daw, Murray S and Baskes, Michael I},
  journal={Physical Review B},
  volume={29},
  number={12},
  pages={6443},
  year={1984},
  publisher={APS}
}

@article{daw1993embedded,
  title={The embedded-atom method: a review of theory and applications},
  author={Daw, Murray S and Foiles, Stephen M and Baskes, Michael I},
  journal={Materials Science Reports},
  volume={9},
  number={7},
  pages={251--310},
  year={1993},
  publisher={Elsevier}
}

@article{zhou2010iron,
  title={Iron and Manganese Pyrophosphates as cathodes for Lithium-Ion batteries},
  author={Zhou, Hui and Upreti, Shailesh and Chernova, Natasha A and Hautier, Geoffroy and Ceder, Gerbrand and Whittingham, M Stanley},
  journal={Chemistry of Materials},
  volume={23},
  number={2},
  pages={293--300},
  year={2010},
  publisher={ACS Publications}
}

@article{ceder2010opportunities,
  title={Opportunities and challenges for first-principles materials design and applications to Li battery materials},
  author={Ceder, Gerbrand},
  journal={MRS bulletin},
  volume={35},
  number={09},
  pages={693--701},
  year={2010},
  publisher={Cambridge Univ Press}
}
