@article{assaraf03,
title = {Zero-variance zero-bias principle for observables in quantum Monte Carlo: Application to forces},
publisher = {AIP},
journal = {J.  Chem. Phys.},
year = {2003},
doi = {DOI:10.1063/1.1621615},
issn = {00219606},
eissn = {10897690},
coden = {JCPSA6},
volume = {119},
number = {20},
pages = {10536-10552},
author = {Roland Assaraf and Michel Caffarel},
keywords = {Monte Carlo methods; diffusion; fluctuations; hydrogen neutral molecules; lithium; lithium compounds; spectra; },
}

@article{Clark11,
        author = {Clark, Bryan K. and Morales, Miguel A. and McMinis, Jeremy and Kim, Jeongnim and Scuseria, Gustavo E.},
        title = {Computing the energy of a water molecule using multideterminants: A simple, efficient algorithm},
        journal = {J. Chem. Phys.},
        year = {2011},
        volume = {135},
        number = {24}, 
        eid = {244105},
        pages = {},
        url = {http://scitation.aip.org/content/aip/journal/jcp/135/24/10.1063/1.3665391}
}
@article{Badinski07,
        title = {Accurate forces in quantum Monte Carlo calculations with nonlocal pseudopotentials},
        author = {Badinski, A. and Needs, R. J.},
        journal = {Phys. Rev. E},
        volume = {76},
        issue = {3},
        pages = {036707},
        numpages = {10},
        year = {2007},
        month = {Sep},
        publisher = {American Physical Society},
        doi = {10.1103/PhysRevE.76.036707},
        url = {http://link.aps.org/doi/10.1103/PhysRevE.76.036707}
}

@article{Burkatzki07,
        Author = {M. Burkatzki and C. Filippi and M. Dolg},
        Date-Modified = {2009-10-01 14:38:23 +0200},
        Doi = {10.1063/1.2741534},
        Eid = {234105},
        Journal = {J. Chem. Phys.},
        Number = {23},
        Pages = {234105},
        Publisher = {AIP},
        Title = {Energy-consistent pseudopotentials for quantum Monte Carlo calculations},
        Volume = {126},
        Year = {2007},
        Bdsk-Url-1 = {http://dx.doi.org/10.1063/1.2741534}
}

@Article{Filippi00,
        author =       {C. Filippi and C. J. Umrigar},
        title =        {},
        journal =      {Phys. Rev. B},
        year =         {2000},
        OPTkey =       {},
        volume =       {61},
        OPTnumber =    {},
        pages =        {R16291},
        OPTmonth =     {},
        OPTnote =      {},
        OPTannote =    {}
}

@article{Foulkes01,
        author =       {W. M. C. Foulkes and L. Mitas and R. J. Needs and G. Rajagopal},
        title =        {},
        journal =      {Rev. Mod. Phys.},
        year =         {2001},
        OPTkey =       {},
        volume =       {73},
        OPTnumber =    {},
        pages =        {33},
        OPTmonth =     {},
        OPTnote =      {},
        OPTannote =    {}
}

@Article{Kolorenc11,
        author =       {J. Koloren\v{c} and L. Mitas},
        title =        {},
        journal =      {Rep. Prog. Phys.},
        year =         {2011},
        OPTkey =       {},
        volume =       {74},
        OPTnumber =    {},
        pages =        {026502},
        OPTmonth =     {},
        OPTnote =      {},
        OPTannote =    {}
}

@article{Sorella10,
        author     = "S. Sorella and L. Capriotti",
        journal    = jcp,
        volume     = 133,
        pages      = "234111-234121",
        title      = "{Algorithmic differentiation and the calculation of forces by quantum Monte Carlo}",
        year       = 2010
}


@article{Umrigar89,
        Author = {C. J. Umrigar},
        Title = {2 ASPECTS OF QUANTUM MONTE-CARLO - DETERMINATION OF ACCURATE WAVEFUNCTIONS AND DETERMINATION OF POTENTIAL-ENERGY SURFACES OF MOLECULES},
        Journal = {Int. J. Quantum Chem.},
        Year = {1989},
        Volume = {23},
        Pages = {217-230},
}

@article{zero_variance,
        author = {Assaraf, R. and Caffarel, M.},
        journal = {Phys. Rev. Lett.},
        pages = {6482},
        volume = {83},
        year = {1999}
}

@article{Umrigar07,
        author = {Umrigar, C. J. and Toulouse, Julien and Filippi, Claudia and Sorella, S. and Hennig, R. G.},
        doi = {10.1103/PhysRevLett.98.110201},
        file = {:C$\backslash$:/Users/Francesco/Archivio/Pubblicazioni/Ottimizzazione/2007\_umrigar-filippi-touluse.pdf:pdf},
        issn = {0031-9007},
        journal = {Phys. Rev. Lett.},
        month = mar,
        number = {11},
        pages = {110201--110203},
        title = {{Alleviation of the Fermion-Sign Problem by Optimization of Many-Body Wave Functions}},
        volume = {98},
        year = {2007}
}

@misc{Champ,
        Note = {CHAMP is a quantum Monte Carlo program package written by C. J. Umrigar, C. Filippi, S. Moroni and collaborators}
}

@misc{Hpseudo,
        Note = {For the hydrogen atom, we use a more accurate BFD pseudopotential and basis set. Dolg, M.; Filippi, C., private communication}
}

@misc{Scemama15,
        Note = {A. Scemama, T. Applencourt, E. Giner, and M. Caffarel, http://arxiv.org/abs/1510.00730}
}

@misc{act_virt,
        Note = {If the products are carried out from the left to the right, the factor $N_{\rm virt}$ appearing in the scaling must be substituted with $N_{\rm act}$}
}

@misc{opt_orb,
        Note = {Given a set of $M_b$ basis functions, one can construct $M_b$ orbitals (e.g. the occupied and virtual Hartree-Fock orbitals) which span the same space. Performing orbital
variations by mixing orbitals recovers the same variational freedom as varying individual orbital coefficients and offers several advantages. One can for instance easily preserve the orbital symmetry 
or omit redundant rotations.}
}

@misc{n_s,
        Note = {In general, one needs to evaluate a number $N_s\leq N_{\rm act}\times N_{\rm virt}$ of elements of $\tilde{M}$, where $N_s$ is the number of allowed single excitations in
the chosen orbital space}
}
